@article{Acar2002,
author = {Acar, U.A. and Blelloch, G.E. and Blumofe, R.D.},
journal = {Theory of Computing Systems},
number = {3},
pages = {321--347},
publisher = {Springer},
title = {{The Data Locality of Work Stealing}},
volume = {35},
year = {2002}
}
@article{Agarwal2008,
author = {Agarwal, S and Barik, R.K. and Nandivada, V. and Shyamasundar, R. and Varma, P},
journal = {Programming Languages and Systems},
pages = {53--74},
publisher = {Springer},
title = {{Static Detection of Place Locality and Elimination of Runtime Checks}},
year = {2008}
}
@inproceedings{Agrawal2006,
author = {Agrawal, Kunal and He, Yuxiong and Leiserson, C.E.},
booktitle = {26th IEEE International Conference on Distributed Computing Systems},
pages = {19--19},
publisher = {IEEE},
title = {{An Empirical Evaluation of Work Stealing with Parallelism Feedback}},
year = {2006}
}
@article{Agrawal2008,
author = {Agrawal, Kunal and Leiserson, C.E. and He, Yuxiong and Hsu, W.J.},
journal = {ACM Transactions on Computer Systems},
number = {3},
pages = {1--32},
publisher = {ACM},
title = {{Adaptive Work-Stealing with Parallelism Feedback}},
volume = {26},
year = {2008}
}
@article{Agrawal2008a,
author = {Agrawal, Kunal and Leiserson, C.E. and He, Yuxiong and Hsu, W.J.},
journal = {ACM Transactions on Computer Systems},
number = {3},
pages = {1--32},
publisher = {ACM},
title = {{Adaptive Work-Stealing with Parallelism Feedback}},
volume = {26},
year = {2008}
}
@inproceedings{Agrawal2010,
author = {Agrawal, Kunal and Leiserson, C.E. and Sukha, Jim},
booktitle = {Proceedings of the 15th ACM SIGPLAN symposium on Principles and practice of parallel programming},
pages = {245--256},
publisher = {ACM},
title = {{Helper Locks for Fork-Join Parallel Programming}},
year = {2010}
}
@article{Arora2001,
author = {Arora, NS and Blumofe, R.D. and Plaxton, CG},
journal = {Theory of Computing Systems},
number = {2},
pages = {115--144},
publisher = {Springer},
title = {{Thread Scheduling for Multiprogrammed Multiprocessors}},
volume = {34},
year = {2001}
}
@phdthesis{Barik2009,
author = {Barik, R.K.},
booktitle = {Memory},
publisher = {Rice University},
title = {{Efficient Optimization of Memory Accesses in Parallel Programs}},
year = {2009}
}
@article{Barker2009,
author = {Barker, D.P.},
title = {{Realities of Multi-Core CPU Chips and Memory Contention}},
journal = {Euromicro Conference on Parallel, Distributed, and Network-Based Processing},
year = {2009},
pages = {446--453},
publisher = {IEEE Computer Society},
}
@article{Barker2004,
author = {Barker, Kevin and Chernikov, Andrey and Chrisochoides, Nikos and Pingali, Keshav},
journal = {IEEE Transactions on Parallel and Distributed Systems},
number = {2},
pages = {183--192},
title = {{A Load Balancing Framework for Adaptive and Asynchronous Applications}},
volume = {15},
year = {2004}
}
@inproceedings{Bhattacharjee2009,
author = {Bhattacharjee, Abhishek and Martonosi, Margaret},
booktitle = {Intl. Conf. on Parallel Architectures and Compilation Techniques},
month = sep,
pages = {29--40},
publisher = {IEEE},
title = {{Characterizing the TLB Behavior of Emerging Parallel Workloads on Chip Multiprocessors}},
year = {2009}
}
@inproceedings{Bird2007,
author = {Bird, Sarah and Phansalkar, Aashish and John, Lizy K and Mericas, Alex and Indukuru, Rajeev},
booktitle = {2007 SPEC Benchmark Workshop},
title = {{Performance Characterization of SPEC CPU Benchmarks on Intel's Core Microarchitecture based processor}},
year = {2007}
}
@inproceedings{Blelloch2008,
author = {Blelloch, G.E. and Chowdhury, R.A. and Gibbons, P.B. and Ramachandran, Vijaya and Chen, Shimin and Kozuch, Michael},
booktitle = {Proceedings of the nineteenth annual ACM-SIAM symposium on Discrete algorithms},
number = {1},
pages = {501--510},
publisher = {Society for Industrial and Applied Mathematics},
title = {{Provably Good Multicore Cache Performance for Divide-and-Conquer Algorithms}},
year = {2008}
}
@inproceedings{Blelloch2004,
author = {Blelloch, G.E. and Gibbons, P.B.},
booktitle = {Proceedings of the sixteenth annual ACM symposium on Parallelism in algorithms and architectures},
pages = {235--244},
publisher = {ACM},
title = {{Effectively Sharing a Cache Among Threads}},
year = {2004}
}
@article{Blumofe1995,
author = {Blumofe, R.D. and Joerg, C.F. and Kuszmaul, B.C. and Leiserson, C.E. and Randall, K.H. and Zhou, Yuli},
journal = {ACM SigPlan Notices},
number = {8},
publisher = {ACM},
title = {{Cilk: An Efficient Multithreaded Runtime System}},
volume = {30},
year = {1995}
}
@article{Blumofe1999,
author = {Blumofe, R.D. and Leiserson, C.E.},
journal = {Journal of the ACM (JACM)},
number = {5},
pages = {720--748},
publisher = {ACM},
title = {{Scheduling Multithreaded Computations by Work Stealing}},
volume = {46},
year = {1999}
}
@article{Blumofe1998,
author = {Blumofe, R.D. and Papadopoulos, D.},
title = {{The Performance of Work Stealing in Multiprogrammed Environment}},
year = {1998}
}
@inproceedings{Charles2005,
author = {Charles, P and Grothoff, C and Saraswat, V.A. and Donawa, C and Kielstra, A and Ebcioglu, K and {Von Praun}, C. and Sarkar, Vivek},
booktitle = {Proceedings of the 20th annual ACM SIGPLAN conference on Object-oriented programming, systems, languages, and applications},
publisher = {ACM},
title = {{X10: An Object-Oriented Approach to Non-Uniform Cluster Computing}},
year = {2005}
}
@inproceedings{Chase2005,
author = {Chase, D.R. and Lev, Yossi},
booktitle = {Proceedings of the seventeenth annual ACM symposium on Parallelism in algorithms and architectures},
month = mar,
number = {c},
title = {{Dynamic Circular Work-Stealing Deque}},
year = {2005}
}
@inproceedings{Chen2007,
author = {Chen, Shimin and Gibbons, P.B. and Kozuch, Michael and Liaskovitis, Vasileios and Ailamaki, Anastassia and Blelloch, G.E. and Falsafi, Babak and Fix, Limor and Hardavellas, Nikos and Mowry, T.C.},
booktitle = {Proceedings of the nineteenth annual ACM symposium on Parallel algorithms and architectures},
publisher = {ACM},
title = {{Scheduling Threads for Constructive Cache Sharing on CMPs}},
year = {2007}
}
@article{Cohen2004,
author = {Cohen, W.E.},
journal = {Wide Open Magazine},
pages = {53--62},
title = {{Tuning Programs with OProfile}},
volume = {1},
year = {2004}
}
@article{Contreras2008,
author = {Contreras, Gilberto and Martonosi, Margaret},
journal = {Electrical Engineering},
pages = {1--10},
title = {{Characterizing and Improving the Performance of Intel Threading Building Blocks}},
year = {2008}
}
@article{Danaher2005,
author = {Danaher, J.S. and Lee, I.T.A. and Leiserson, C.E.},
journal = {Synchronization and Concurrency in Object-Oriented Languages (SCOOL)},
publisher = {Citeseer},
title = {{The JCilk Language for Multithreaded Computing}},
year = {2005}
}
@article{Demaine2002,
author = {Demaine, Erik D},
journal = {Lecture Notes from the EEF Summer School on Massive Data Sets},
title = {{Cache-Oblivious Algorithms and Data Structures}},
year = {2002}
}
@inproceedings{Dinan2009,
author = {Dinan, James and Larkins, D.B. and Sadayappan, P and Krishnamoorthy, S. and Nieplocha, J.},
booktitle = {Proceedings of the Conference on High Performance Computing Networking, Storage and Analysis},
pages = {1--11},
publisher = {ACM},
title = {{Scalable Work Stealing}},
year = {2009}
}
@unpublished{Dinkins2007,
author = {Dinkins, Stephanie},
title = {{Performance and Scalability Analysis of Parallelized Matrix Multiplication Using Shared Memory}},
year = {2007}
}
@online{Dow2005,
author = {Dow, Eli},
booktitle = {IBM},
title = {{Take charge of processor affinity}},
url = {http://www.ibm.com/developerworks/linux/library/l-affinity.html},
year = {2005},
urlday = {21},
urlmonth = {8},
urlyear = {2010}
}
@online{Drepper2008,
author = {Drepper, Ulrich},
booktitle = {Memory},
title = {{Understanding Application Memory Performance}},
url = {http://people.redhat.com/drepper/summit08-memperf.pdf},
year = {2008},
urlday = {21},
urlmonth = {8},
urlyear = {2010}
}
@online{Drepper2007,
author = {Drepper, Ulrich},
url = {http://people.redhat.com/drepper/cpumemory.pdf},
publisher = {Citeseer},
title = {{What Every Programmer Should Know About Memory}},
year = {2007},
urlday = {21},
urlmonth = {8},
urlyear = {2010}
}
@inproceedings{Eranian2008,
author = {Eranian, St\'{e}phane},
booktitle = {Proceedings of the 2008 ACM SIGPLAN workshop on Memory systems performance and correctness},
number = {March},
pages = {26--30},
publisher = {ACM},
title = {{What can performance counters do for memory subsystem analysis?}},
year = {2008}
}
@article{Fatourou2001,
author = {Fatourou, Panagiota},
journal = {Proceedings of the thirteenth annual ACM symposium on Parallel algorithms and architectures},
pages = {189--198},
publisher = {ACM Press},
title = {{Low-Contention Depth-First Scheduling of Parallel Computations with Write-Once Synchronization Variables}},
year = {2001}
}
@article{Fedorova2010,
author = {Fedorova, Alexandra and Blagodurov, Sergey and Zhuravlev, Sergey},
journal = {Communications of the ACM},
month = feb,
number = {2},
pages = {49--57},
publisher = {ACM},
title = {{Managing Contention for Shared Resources on Multicore Processors}},
volume = {53},
year = {2010}
}
@inproceedings{Flood2001,
author = {Flood, CH and Detlefs, David and Shavit, N and Zhang, Xiolan},
booktitle = {JVM'01: Proceedings of the 2001 Symposium on Java Virtual Machine Research and Technology Symposium},
title = {{Parallel Garbage Collection for Shared Memory Multiprocessors}},
year = {2001},
pages = {21--21},
location = {Monterey, California},
publisher = {USENIX Association},
}
@online{Foong2008,
author = {Foong, Annie and Fung, Jason and Newell, Don},
booktitle = {Intel},
title = {{Improved Linux SMP Scaling: User-directed Processor Affinity}},
url = {http://software.intel.com/en-us/articles/improved-linux-smp-scaling-user-directed-processor-affinity/},
year = {2008},
urlday = {21},
urlmonth = {8},
urlyear = {2010}
}
@article{Frigo1999,
author = {Frigo, M. and Leiserson, C.E. and Prokop, H. and Ramachandran, S.},
journal = {40th Annual Symposium on Foundations of Computer Science},
pages = {285--297},
publisher = {IEEE Comput. Soc},
title = {{Cache-Oblivious Algorithms}},
year = {1999}
}
@article{Frigo1998,
author = {Frigo, Matteo and Leiserson, C.E. and Randall, K.H.},
journal = {ACM SIGPLAN Notices},
number = {5},
pages = {212--223},
publisher = {ACM},
title = {{The Implementation of the Cilk-5 Multithreaded Language}},
volume = {33},
year = {1998}
}
@article{Frigo2009,
author = {Frigo, Matteo and Strumpen, Volker},
journal = {Theory of Computing Systems},
pages = {1--39},
title = {{The Cache Complexity of Multithreaded Cache Oblivious Algorithms}},
year = {2009}
}
@inproceedings{Gaud2010,
author = {Fabien Gaud and Sylvain Geneves and Renaud Lachaize and Baptiste Lepers and Fabien Mottet and Gilles Muller and Vivien Quema},
title = {Efficient Workstealing for Multicore Event-Driven Systems},
booktitle = {International Conference on Distributed Computing Systems},
year = {2010},
pages = {516--525},
publisher = {IEEE Computer Society},
address = {Los Alamitos, CA, USA},
}
@article{Gregg2003,
author = {Gregg, David and Power, James and Waldron, John},
journal = {Concurrency and Computation},
title = {{Platform Independent Dynamic Java Virtual Machine Analysis: the Java Grande Forum Benchmark Suite}},
year = {2003}
}
@article{Guo2009,
author = {Guo, Yi and Barik, R.K. and Raman, R. and Sarkar, Vivek},
journal = {IPDPS},
publisher = {IEEE},
title = {{Work-First and Help-First Scheduling Policies for Async-Finish Task Parallelism}},
year = {2009}
}
@article{Guo2010,
author = {Guo, Yi and Zhao, Jisheng and Cave, Vincent and Sarkar, Vivek},
journal = {24th IEEE International Parallel and Distributed Processing Symposium (IPDPS)},
title = {{SLAW: a Scalable Locality-aware Adaptive Work-stealing Scheduler}},
year = {2010}
}
@online{Gurari2010,
author = {Gurari, Eitan M.},
title = {{Divide-and-Conquer Algorithms}},
url = {http://www.cse.ohio-state.edu/~gurari/course/cis680/cis680Ch18.html},
year = {2010},
urlday = {21},
urlmonth = {8},
urlyear = {2010}
}
@inproceedings{Hamidzadeh1996,
author = {Hamidzadeh, B. and Lilja, D.J.},
booktitle = {ICDCS},
publisher = {Published by the IEEE Computer Society},
title = {{Dynamic Scheduling Strategies for Shared-Memory Multiprocessors}},
year = {1996}
}
@article{Hendler2006,
author = {Hendler, Danny and Lev, Yossi and Moir, Mark and Shavit, Nir},
journal = {Distributed Computing},
number = {3},
pages = {189--207},
publisher = {Springer},
title = {{A Dynamic-Sized Nonblocking Work Stealing Deque}},
volume = {18},
year = {2006}
}
@inproceedings{Hendler2002,
author = {Hendler, Danny and Shavit, Nir},
booktitle = {Proceedings of the twenty-first annual symposium on Principles of distributed computing},
publisher = {ACM},
title = {{Non-Blocking Steal-Half Work Queues}},
year = {2002}
}
@article{Herlihy1991,
author = {Herlihy, Maurice},
journal = {ACM Transactions on Programming Languages and Systems},
month = jan,
number = {1},
pages = {124--149},
title = {{Wait-Free Synchronization}},
volume = {13},
year = {1991}
}
@online{Humble2010,
author = {Humble, Charles},
booktitle = {InfoQ},
title = {{Sun Releases Java 6 Update 18 With Significant Performance Improvements and Windows 7 Support}},
url = {http://www.infoq.com/news/2010/01/java6u18},
year = {2010},
urlday = {21},
urlmonth = {8},
urlyear = {2010}
}
@book{IBM1974,
author = {IBM},
edition = {4th},
title = {{IBM System/370 Principles of Operation}},
year = {1974}
}
@book{Intel2009,
author = {Intel},
number = {November},
publisher = {Intel Corporation},
title = {{Intel 64 and IA-32 Architectures Optimization Reference Manual}},
year = {2009}
}
@book{Intel2010,
author = {Intel},
number = {253666},
publisher = {Intel Corporation},
title = {{Intel 64 and IA-32 Architectures Software Developer’s Manual Volume 3B: System Programming Guide, Part 2}},
volume = {3},
year = {2010}
}
@online{Intel2009a,
author = {Intel},
title = {{Using Intel VTune Performance Analyzer to Optimize Software on Intel Core i7 Processors}},
url = {http://software.intel.com/file/15529},
year = {2009},
urlday = {21},
urlmonth = {8},
urlyear = {2010}
}
@article{Kleen2004,
author = {Kleen, Andi},
journal = {SUSE Labs},
title = {{An NUMA API for Linux}},
year = {2004}
}
@inbook{Knuth1997,
author = {Knuth, Donald},
edition = {3rd},
pages = {238--243},
publisher = {Addison-Wesley},
title = {{Double-Ended Queue}},
booktitle = {{The Art of Computer Programming: Volume 1 - Fundamental Algorithms}},
year = {1997}
}
@article{Kumar2003,
author = {Kumar, Piyush},
journal = {Algorithms for Memory Hierarchies},
title = {{Cache Oblivious Algorithms}},
year = {2003}
}
@article{Lamport1978,
author = {Lamport, Leslie},
journal = {Communications of the ACM},
number = {7},
publisher = {ACM},
title = {{Time, Clocks, and the Ordering of Events in a Distributed System}},
volume = {21},
year = {1978}
}
@inproceedings{Lea2000,
author = {Lea, Doug},
booktitle = {Proceedings of the ACM 2000 conference on Java Grande},
pages = {36--43},
publisher = {ACM},
title = {{A Java Fork/Join Framework}},
year = {2000}
}
@online{Lea2006,
author = {Lea, Doug},
title = {{Concurrency JSR-166 Interest Site}},
url = {http://gee.cs.oswego.edu/dl/concurrency-interest/index.html},
year = {2006},
urlday = {21},
urlmonth = {8},
urlyear = {2010}
}
@online{Lea2000a,
author = {Lea, Doug},
title = {{Fork/Join Parallelism in Java}},
url = {http://gee.cs.oswego.edu/dl/cpjslides/fj.pdf},
year = {2000},
urlday = {21},
urlmonth = {8},
urlyear = {2010}
}
@online{Lea2004,
author = {Lea, Doug and Bloch, Joshua and Midkiff, Sam and Holmes, David and Bowbeer, Joseph and Peierls, Tim},
title = {{JSR 166: Concurrency Utilities}},
url = {http://jcp.org/en/jsr/detail?id=166},
year = {2004},
urlday = {21},
urlmonth = {8},
urlyear = {2010}
}
@article{Leijen2009,
author = {Leijen, D and Schulte, W and Burckhardt, Sebastian},
journal = {ACM SIGPLAN Notices},
number = {10},
pages = {227--242},
publisher = {ACM},
title = {{The Design of a Task Parallel Library}},
volume = {44},
year = {2009}
}
@online{Leiserson1998,
author = {Leiserson, C.E. and Prokop, Harald},
pages = {1--13},
publisher = {Citeseer},
title = {{A Minicourse on Multithreaded Programming}},
url = {http://supertech.csail.mit.edu/papers/minicourse.pdf},
volume = {42},
year = {1998},
urlday = {21},
urlmonth = {8},
urlyear = {2010}
}
@online{Lev2005,
author = {Lev, Yossi and Chase, D.R.},
title = {{Nonblocking Cyclic Extendable Deque for the ABP work stealing algorithm}},
url = {http://www.cs.brown.edu/~levyossi/Pubs/MyTalks/ExtendebleCircularDeque.ppt},
year = {2005},
urlday = {21},
urlmonth = {8},
urlyear = {2010}
}
@online{Levinthal2007,
author = {Levinthal, David},
title = {{Analyzing and Resolving multi-core non scaling on Intel Core 2 processors}},
url = {http://www. devx. com/go-parallel/Link/34762},
year = {2007},
urlday = {21},
urlmonth = {8},
urlyear = {2010}
}
@article{Levinthal2009,
author = {Levinthal, David},
journal = {Analysis},
pages = {1--72},
title = {{Performance Analysis Guide for Intel Core i7 Processor and Intel Xeon 5500 processors}},
url = {http://software.intel.com/sites/products/collateral/hpc/vtune/performance_analysis_guide.pdf},
year = {2009},
urlday = {21},
urlmonth = {8},
urlyear = {2010}
}
@unpublished{Liaskovitis2006,
author = {Liaskovitis, Vasileios and Chen, Shimin and Gibbons, P.B. and Ailamaki, Anastassia and Blelloch, G.E. and Falsafi, Babak and Fix, Limor and Hardavellas, Nikos and Kozuch, Michael and Mowry, T.C.},
booktitle = {Work},
number = {June},
publisher = {Citeseer},
title = {{Brief Announcement: Parallel Depth First vs. Work Stealing Schedulers on CMP Architectures}},
volume = {46},
year = {2006}
}
@online{Love2003,
author = {Love, Robert},
booktitle = {Linux Journal},
title = {{CPU Affinity}},
url = {http://www.linuxjournal.com/article/6799},
year = {2003},
urlday = {21},
urlmonth = {8},
urlyear = {2010}
}
@article{Lowenthal1998,
author = {Lowenthal, D.K. and Freeh, V.W. and Andrews, G.R.},
journal = {Concurrency Practice and Experience},
number = {3},
pages = {157--173},
publisher = {Citeseer},
title = {{Efficient Support for Fine-Grain Parallelism on Shared-Memory Machines}},
volume = {10},
year = {1998}
}
@online{Maddox2009,
author = {Maddox, R. A. and Singh, G. and Safranek, R. J.},
title = {{A First Look at the Intel QuickPath Interconnect}},
url = {http://www.intel.com/intelpress/files/A_First_Look_at_the_Intel(r)_QuickPath_Interconnect.pdf},
year = {2009},
urlday = {21},
urlmonth = {8},
urlyear = {2010}
}
@unpublished{Majo2010,
author = {Majo, Zoltan and Gross, Thomas R},
title = {{Memory-Conscious Scheduling for Multicore Systems}},
year = {2010}
}
@inproceedings{Manson2005,
author = {Manson, Jeremy and Pugh, William and Adve, S.V.},
booktitle = {Proceedings of the 32nd ACM SIGPLAN-SIGACT symposium on Principles of programming languages},
month = jan,
number = {1},
pages = {378--391},
publisher = {ACM},
title = {{The Java Memory Model}},
volume = {40},
year = {2005}
}
@online{Masamitsu2008,
author = {Masamitsu, Jon},
booktitle = {Sun Microsystems},
title = {{Help for the NUMA Weary}},
url = {http://blogs.sun.com/jonthecollector/entry/help_for_the_numa_weary},
year = {2008},
urlday = {21},
urlmonth = {8},
urlyear = {2010}
}
@inproceedings{Mathew1999,
author = {Mathew, JA and Coddington, PD and Hawick, KA},
booktitle = {Proceedings of the ACM 1999 conference on Java Grande},
publisher = {ACM},
title = {{Analysis and Development of Java Grande Benchmarks}},
year = {1999}
}
@unpublished{Matsakis2009,
author = {Nicholas D. Matsakis},
title = {{Formal Definition and Safety Proof for the Interval and Effect Analysis}},
year = {2009}
}
@inproceedings{Matsakis2009a,
author = {Nicholas D. Matsakis and Thomas R. Gross },
title = {{Programming with Intervals}},
booktitle = {{Proceedings of the International Workshop on Languages and Compilers for Parallel Computing (LCPC 2009)}},
year = 2009,
}
@online{Matsakis2010,
author = {Nicholas D. Matsakis},
title = {{Intervals}},
url = {http://intervals.inf.ethz.ch/},
year = {2010},
urlday = {21},
urlmonth = {8},
urlyear = {2010}
}
@inproceedings{Matsakis2010a,
author = {Nicholas D. Matsakis and Thomas R. Gross },
title = {{Handling Errors in Parallel Programs Based on Happens Before Relations}},
booktitle = {{15th International Workshop on High-Level Parallel Programming Models and Supportive Environments (HIPS 2010)}},
year = 2010,
}
@inproceedings{Matsakis2010b,
author = {Nicholas D. Matsakis and Thomas R. Gross },
title = {{Reflective Parallel Programming}},
booktitle = {{HotPar '10: 2nd USENIX Workshop on Hot Topics in Parallelism}},
year = 2010,
}
@online{Melo2009,
author = {Melo, Arnaldo Carvalho De},
title = {{Performance Counters on Linux}},
url = {http://linuxplumbersconf.org/ocw/proposals/108},
year = {2009},
urlday = {21},
urlmonth = {8},
urlyear = {2010}
}
@article{Michael2004,
author = {Michael, M.M.},
journal = {IEEE Transactions on Parallel and Distributed Systems},
month = jun,
number = {6},
pages = {491--504},
title = {{Hazard Pointers: Safe Memory Reclamation for Lock-Free Objects}},
volume = {15},
year = {2004}
}
@article{Michael2009,
author = {Michael, M.M. and Vechev, M.T. and Saraswat, V.A.},
journal = {ACM SIGPLAN Notices},
month = feb,
number = {4},
pages = {45--54},
publisher = {ACM},
title = {{IdempotentWork Stealing}},
volume = {44},
year = {2009}
}
@inproceedings{Moir1997,
author = {Moir, Mark},
booktitle = {Proceedings of the sixteenth annual ACM symposium on Principles of distributed computing},
pages = {219--228},
publisher = {ACM},
title = {{Practical Implementations of Non-Blocking Synchronization Primitives}},
year = {1997}
}
@online{MPI2009,
author = {MPI},
title = {{MPI: A Message-Passing Interface Standard, Version 2.2}},
url = {http://www.mpi-forum.org/docs/mpi-2.2/mpi22-report.pdf},
year = {2009},
urlday = {21},
urlmonth = {8},
urlyear = {2010}
}
@online{Muller2009,
author = {M\"{u}ller, Ren\'{e}},
booktitle = {Data Processing},
pages = {1--10},
title = {{Discussion of Exercise 2: Caches in DBMSs}},
url = {http://www.systems.ethz.ch/education/courses/hs09/mmdbms/ex04.pdf/at_download/file},
year = {2009},
urlday = {21},
urlmonth = {8},
urlyear = {2010}
}
@online{Nielsen2008,
author = {Nielsen, Kristian},
title = {{Profiling with OProfile and Intel Core 2 performance counters}},
url = {http://knielsen-hq.org/presentations/oprofile-perfcount/oprofile-perfcount.pdf},
year = {2008},
urlday = {21},
urlmonth = {8},
urlyear = {2010}
}
@online{OpenMPI2010a,
author = {OpenMPI},
booktitle = {OpenMPI},
title = {{Portable Linux Processor Affinity (PLPA)}},
url = {http://www.open-mpi.org/projects/plpa/},
year = {2010},
urlday = {21},
urlmonth = {8},
urlyear = {2010}
}
@online{OpenMPI2010,
author = {OpenMPI},
booktitle = {OpenMPI},
title = {{Portable Hardware Locality (hwloc)}},
url = {http://www.open-mpi.org/projects/hwloc/},
year = {2010},
urlday = {21},
urlmonth = {8},
urlyear = {2010}
}
@online{Oracle2010,
author = {Oracle},
title = {{Java HotSpot Virtual Machine Performance Enhancements - JDK 7}},
url = {http://download.oracle.com/docs/cd/E17409_01/javase/7/docs/technotes/guides/vm/performance-enhancements-7.html},
year = {2010},
urlday = {21},
urlmonth = {8},
urlyear = {2010}
}
@online{Oracle1999,
author = {Oracle},
title = {{Bug ID: 4234402 (Thread.setCPUAffinity)}},
url = {http://bugs.sun.com/bugdatabase/view_bug.do?bug_id=4234402},
year = {1999},
urlday = {21},
urlmonth = {8},
urlyear = {2010}
}
@inproceedings{Philbin1996,
author = {Philbin, James and Edler, Jan and Anshus, O.J. and Douglas, C.C. and Li, Kai},
booktitle = {Proceedings of the seventh international conference on Architectural support for programming languages and operating systems},
pages = {60--71},
publisher = {ACM},
title = {{Thread Scheduling for Cache Locality}},
year = {1996}
}
@online{Ramachandran2008,
author = {Ramachandran, Vijaya},
booktitle = {Sciences-New York},
title = {{Algorithms for Multicore Computing}},
url = {www.cs.utexas.edu/~vlr},
year = {2008},
urlday = {21},
urlmonth = {8},
urlyear = {2010}
}
@mastersthesis{Raman2009,
author = {Raman, R.},
number = {May},
publisher = {Rice University},
title = {{Compiler Support for Work-Stealing Parallel Runtime Systems}},
year = {2009}
}
@book{Reinders2007,
author = {Reinders, J.},
publisher = {O'Reilly Media, Inc.},
title = {{Intel Threading Building Blocks: Outfitting C++ for Multi-core Processor Parallelism}},
year = {2007},
isbn = {0596514808}
}
@online{Rowand2009,
author = {Rowand, Frank},
booktitle = {October},
title = {{A Survey of Linux Measurement and Diagnostic Tools}},
url = {http://tree.celinuxforum.org/CelfPubWiki/ELCEurope2009Presentations?action=AttachFile&do=get&target=survey_of_linux_measurement_and_diagnostic_tools.pdf},
year = {2009},
urlday = {21},
urlmonth = {8},
urlyear = {2010}
}
@article{Runger2010,
author = {R\"{u}nger, G. and Schwind, Michael},
journal = {Procedia Computer Science},
month = may,
number = {1},
pages = {67--76},
publisher = {Elsevier},
title = {{Fast recursive matrix multiplication for multi-core architectures}},
volume = {1},
year = {2010}
}
@article{Saha2007,
author = {Saha, Bratin and Adl-Tabatabai, AR and Ghuloum, Anwar and M},
journal = {ACM SIGOPS},
month = jun,
number = {3},
title = {{Enabling Scalability and Performance in a Large Scale CMP Environment}},
volume = {41},
year = {2007}
}
@report{Saraswat2010,
author = {Saraswat, Vijay and Bloom, Bard and Tardieu, Olivier},
journal = {Technical report, IBM TJ Watson},
title = {{Report on the Programming Language X10}},
year = {2010}
}
@article{Satish2009,
author = {Satish, Nadathur and Harris, Mark and Garland, Michael},
journal = {Parallel Computing},
title = {{Designing Efficient Sorting Algorithms for Manycore GPUs}},
year = {2009}
}
@online{Shemer2007,
author = {Shemer, Anat},
booktitle = {Agenda},
title = {{Efficient Data Sharing in Intel Core Microarchitecture Based Systems}},
url = {http://software.intel.com/file/952},
year = {2007},
urlday = {21},
urlmonth = {8},
urlyear = {2010}
}
@article{Shirako2008,
author = {Shirako, Jun and Peixotto, D M and Sarkar, Vivek and Scherer, W N},
journal = {In ICS. ACM},
title = {{Phasers: a Unified Deadlock-Free Construct for Collective and Point-to-point Synchronization}},
year = {2008}
}
@article{Shirako2010,
author = {Shirako, Jun and Sarkar, Vivek},
journal = {Science},
title = {{Hierarchical Phasers for Scalable Synchronization and Reductions in Dynamic Parallelism}},
year = {2010}
}
@article{Simpson1999,
author = {Simpson, D.J. and Burton, F.W.},
journal = {IEEE Transactions on Software Engineering},
number = {6},
pages = {870--882},
title = {{Space Efficient Execution of Deterministic Parallel Programs}},
volume = {25},
year = {1999}
}
@inproceedings{Smith2001,
author = {Smith, LA and Bull, JM and Obdrizalek, J.},
booktitle = {Supercomputing, ACM/IEEE 2001 Conference},
number = {November},
publisher = {ACM Press},
title = {{A Parallel Java Grande Benchmark Suite}},
year = {2001}
}
@article{Soffa2010,
author = {Soffa, J.M.M.L. and Hundt, N.V.R.},
journal = {Design},
title = {{Contention Aware Execution: Online Contention Detection and Response}},
year = {2010}
}
@article{Squillante1993,
author = {Squillante, Mark S. and Lazowska, Edward D.},
journal = {IEEE Trans. Parallel and Dist. Systems},
pages = {131--143},
title = {{Using Processor-Cache Affinity Information in Shared-Memory Multiprocessor Scheduling}},
volume = {4},
year = {1993}
}
@online{Steele2010,
author = {Steele, Matthew},
pages = {2--7},
title = {{A Tale of Two Algorithms: Multithreading Matrix Multiplication Overhead in Parallelism Choosing an Algorithm}},
url = {http://software.intel.com/en-us/articles/a-tale-of-two-algorithms-multithreading-matrix-multiplication/},
year = {2010},
urlday = {21},
urlmonth = {8},
urlyear = {2010}
}
@article{Suleman2008,
author = {Suleman, M Aater and Qureshi, Moinuddin K. and Patt, Yale N},
journal = {ACM SIGARCH Computer Architecture News},
number = {1},
title = {{Feedback-Driven Threading: Power-Efficient and High-Performance Execution of Multi-threaded Workloads on CMPs}},
volume = {36},
year = {2008}
}
@inproceedings{Tam2007,
author = {Tam, David and Azimi, R. and Stumm, Michael},
booktitle = {Proceedings of the 2nd ACM SIGOPS/EuroSys European Conference on Computer Systems 2007},
publisher = {ACM},
title = {{Thread Clustering: Sharing-Aware Scheduling on SMP-CMP-SMT Multiprocessors}},
year = {2007}
}
@article{Taura1999,
author = {Taura, Kenjiro and Tabata, Kunio and Yonezawa, Akinori},
journal = {ACM SIGPLAN Notices},
number = {8},
publisher = {ACM},
title = {{StackThreads/MP: Integrating Futures into Calling Standards}},
volume = {34},
year = {1999}
}
@inproceedings{Tzannes2010,
author = {Tzannes, Alexandros and Caragea, G.C. and Barua, R. and Vishkin, U.},
booktitle = {Proceedings of the 15th ACM SIGPLAN symposium on Principles and practice of parallel computing},
pages = {179--190},
publisher = {ACM},
title = {{Lazy Binary-Splitting: A Run-Time Adaptive Work-Stealing Scheduler}},
year = {2010}
}
@article{Weaver2008,
author = {Weaver, V.M. and McKee, S.A.},
journal = {IEEE International Symposium on Workload Characterization},
month = oct,
pages = {141--150},
publisher = {IEEE},
title = {{Can Hardware Performance Counters be Trusted?}},
year = {2008}
}
@inproceedings{Yan2009,
author = {Yan, Yonghong and Zhao, Jisheng and Guo, Yi and Sarkar, Vivek},
booktitle = {22nd International Workshop on Languages and Compilers for Parallel Computing},
title = {{Hierarchical Place Trees: A Portable Abstraction for Task Parallelism and Data Movement}},
year = {2009}
}
@report{Zaparanuks2008,
author = {Zaparanuks, Dmitrijs and Jovic, Milan and Hauswirth, Matthias},
booktitle = {2009 IEEE International Symposium on Performance Analysis of Systems and Software},
institution = {Technical Report 2008/05, University of Lugano},
month = apr,
pages = {23--32},
publisher = {IEEE},
title = {{Accuracy of Performance Counter Measurements}},
year = {2008}
}
@article{Zhang2010,
author = {Zhang, Eddy Z. and Jiang, Yunlian and Shen, Xipeng},
journal = {Proceedings of the 15th ACM SIGPLAN symposium on Principles and practice of parallel programming},
title = {{Does Cache Sharing on Modern CMP Matter to the Performance of Contemporary Multithreaded Programs?}},
year = {2010}
}
@inproceedings{Zhuravlev2010,
author = {Zhuravlev, Sergey and Blagodurov, Sergey and Fedorova, Alexandra},
booktitle = {Proceedings of the fifteenth edition of ASPLOS on Architectural support for programming languages and operating systems},
pages = {129--142},
publisher = {ACM},
title = {{Addressing Shared Resource Contention in Multicore Processors via Scheduling}},
year = {2010}
}
